<record><leader>00000cas a2200000 a 4500</leader><controlfield tag="001">13539204</controlfield><controlfield tag="008">860507d18611869inuwr n       0   a0eng d</controlfield><datafield ind1=" " ind2=" " tag="010"><subfield code="a">sn 87055269 </subfield></datafield><datafield ind1=" " ind2=" " tag="040"><subfield code="a">IPL</subfield><subfield code="b">eng</subfield><subfield code="c">IPL</subfield><subfield code="d">NPI</subfield><subfield code="d">OCL</subfield><subfield code="d">OCLCQ</subfield></datafield><datafield ind1=" " ind2=" " tag="042"><subfield code="a">msc</subfield></datafield><datafield ind1=" " ind2=" " tag="092"><subfield code="a">071.7275</subfield><subfield code="b">W59</subfield></datafield><datafield ind1="0" ind2="4" tag="245"><subfield code="a">The Whitley County Republican.</subfield></datafield><datafield ind1="3" ind2="0" tag="246"><subfield code="a">Republican</subfield></datafield><datafield ind1=" " ind2=" " tag="260"><subfield code="a">Columbia City, Ind. :</subfield><subfield code="b">A.Y. Hooper</subfield></datafield><datafield ind1=" " ind2=" " tag="310"><subfield code="a">Weekly</subfield></datafield><datafield ind1="1" ind2=" " tag="362"><subfield code="a">Began in 1861; ceased in Jan. 1869.</subfield></datafield><datafield ind1=" " ind2=" " tag="588"><subfield code="a">Description based on: Vol. 5, no. 10 (May 11, 1864).</subfield></datafield><datafield ind1=" " ind2=" " tag="752"><subfield code="a">United States</subfield><subfield code="b">Indiana</subfield><subfield code="c">Whitley</subfield><subfield code="d">Columbia City.</subfield></datafield><datafield ind1="0" ind2="0" tag="780"><subfield code="t">Columbia City argus</subfield></datafield><datafield ind1="0" ind2="0" tag="785"><subfield code="t">Whitley commercial</subfield><subfield code="w">(OCoLC)13539152</subfield></datafield></record>